<?xml version="1.0" encoding="UTF-8"?><collection xmlns="http://www.loc.gov/MARC21/slim"><record><leader>00461nam--2200169-u-4500</leader><controlfield tag="001">000055515</controlfield><controlfield tag="002">20161230</controlfield><controlfield tag="005">20161230201052</controlfield><controlfield tag="008">130218s1000------------r-----000-0-eng-d</controlfield><datafield ind1=" " ind2=" " tag="040"><subfield code="a">IFIN-HH</subfield></datafield><datafield ind1=" " ind2=" " tag="080"><subfield code="a">801.232</subfield></datafield><datafield ind1="1" ind2=" " tag="100"><subfield code="a">Tarassof, Miron</subfield></datafield><datafield ind1="1" ind2="0" tag="245"><subfield code="a">Dicitonar tehnic rus-roman</subfield><subfield code="b">Russko-rumanskii tehniceskoi slovari</subfield><subfield code="c">Miron tarassof</subfield></datafield><datafield ind1=" " ind2=" " tag="260"><subfield code="a">Bucuresti</subfield><subfield code="b">Editura Tehnica</subfield><subfield code="c">1956</subfield></datafield><datafield ind1=" " ind2=" " tag="300"><subfield code="a">1165P</subfield></datafield><datafield ind1=" " ind2=" " tag="852"><subfield code="a">D.94</subfield><subfield code="c">SLT</subfield></datafield><datafield ind1=" " ind2=" " tag="CAT"><subfield code="a">Sys</subfield><subfield code="c">20130218</subfield><subfield code="h">142225</subfield></datafield></record></collection>